% Композитные материалы
%b:1
@article{Yu2016,
	author = {Yu, Z. and Dong, S. and Fang, D.},
	title = {Theoretical analysis on shear-bending deflection of a ring-shape piezoelectric plate},
	journal = {AIP Advances},
	volume = {6},
	number = {2},
	pages = {025124},
	year = {2016},
	doi = {10.1063/1.4943219},
	language = {english}
}%
%b:2
@article{Gao2018,
	author = {Gao, X. and Xin, X. and Wu, J., Chu, Z. and Dong, S.},
	title = {A multilayered-cylindrical piezoelectric shear actuator operating in shear (d15) mode},
	journal = {Applied Physics Letters},
	volume = {112},
	number = {15},
	pages = {152902},
	year = {2018},
	doi = {10.1063/1.5022726},
	language = {english}
}%
%b:3
@article{Yan2018,
	author = {Gao, X. and Yan, Y. and Carazo, A. V. and Dong, S. and Priya, S.},
	title = {Low-Temperature Co-Fired Unipoled Multilayer Piezoelectric Transformers},
	journal = {IEEE Transactions on Ultrasonics, Ferroelectrics, and Frequency Control},
	volume = {65},
	number = {3},
	pages = {513–519},
	year = {2018},
	doi = {10.1109/tuffc.2017.2785356},
	language = {english}
}%
%b:4
@article{Yang2019,
	author = {Yang, J. and Li, Z. and Xin, X. and Gao, X. and Yuan, X. and Wang, Z. and et al},
	title = {Designing electromechanical metamaterial with full nonzero piezoelectric coefficients},
	journal = {Science Advances},
	volume = {5},
	number = {11},
	pages = {eaax1782},
	year = {2019},
	doi = {10.1126/sciadv.aax1782},
	language = {english}
}%
%b:12
@article{Mohanty2019,
	author = {Mohanty, A. and Parida, S. and Behera, R. K. and Roy, T.},
	title = {Vibration energy harvesting: A review.},
	journal = {Journal of Advanced Dielectrics},
	volume = {9},	
	number = {4},
	pages = {1930001}
	year = {2019},
	doi = {10.1142/s2010135x19300019},
	language = {english}
}%
%b:14
@article{Almanza2023,
	author = {Almanza K. M. and Hernandez G. L. and Jarquin~J. P. R. and Xu X.},
	title = {A brief introduction to low-power electrical energy harvesting mechanisms and configurations},
	journal = {PÄDI Boletín Científico de Ciencias Básicas e Ingenierías del ICBI},
	volume = {},
	number = {},
	pages = {},
	year = {2023},
	doi = {10.29057/icbi.v11i21.10701},
	language = {english}
}%
%b:15
@article{Xue2022,
	author = {Xue, B. and Emmanuel, B. and Bowen, C.},
	title = {Modelling of a shear-type piezoelectric actuator for AFM-based vibration-assisted nanomachining},
	journal = {International Journal of Mechanical Sciences},
	pages = {108048},
	volume = {243},
	year = {2022},
	doi = {10.1016/j.ijmecsci.2022.108048}
	language = {english}
}%
%b:13
@article{Elahi2018,
	author = {Elahi, H. and Eugeni, M. and Gaudenzi, P.},
	title = {A Review on Mechanisms for Piezoelectric-Based Energy Harvesters},
	journal = {Energies},
	volume = {11},
	number = {7},
	pages = {1850},
	year = {2018},
	doi = {10.3390/en11071850},
	language = {english}
}%




%%%%%%%%%%%%%%%%%%%%%%%%%%%%%%%%%%%%%%%%%%%%%%%%%%%%%%%%%%%%%%%%%%%%%%%%%%%%%%%%%%%%%%%%%%%
% Идентификация
%b:6
@article{Do2023,
	author = {Do, T. B. and Nasedkin, A. N. and Oganesyan, P. A. and Soloviev, A. N.},
	title = {Multilevel Modeling of 1-3 Piezoelectric Energy Harvester Based on Porous Piezoceramics},
	journal = {Journal of Applied and Computational Mechanics},
	volume = {9},
	number = {3},
	pages = {763-774},
	year = {2023},
	doi = {10.22055/jacm.2023.42264.3900},
	language = {english}
}%
%b:16
@article{Mawassy2021,
	author = {Mawassy, N. and Reda, H. and Ganghoffer, J.-F. and Eremeyev, V. A. and Lakiss, H.},
	title = {A variational approach of homogenization of piezoelectric composites towards piezoelectric and flexoelectric effective media},
	journal = {International Journal of Engineering Science},
	volume = {158},
	number = {},
	pages = {103410},
	year = {2021},
	doi = {10.1016/j.ijengsci.2020.103410},
	language = {english}
}%
%b:5
@article{Nasedkin2020,
	author = {Nasedkin, A. V. and Oganesyan, P. A. and Soloviev, A. N.},
	title = {Analysis of Rosen type energy harvesting devices from porous piezoceramics with great longitudinal piezomodulus},
	journal = {ZAMM - Journal of Applied Mathematics and Mechanics: Zeitschrift Für Angewandte Mathematik Und Mechanik},
	volume = {101},
	number = {3},
	year = {2020},
	doi = {10.1002/zamm.202000129},
	language = {english}
}%
%b:to7
@Inbook{Gerasimenko2019,
	author={Gerasimenko, T. E.
	and Kurbatova, N. V.
	and Nadolin, D. K.
	and Nasedkin, A. V.
	and Nasedkina, A. A.
	and Oganesyan, P. A.
	and Skaliukh, A. S.
	and Soloviev, A. N.},
	title={Homogenization of Piezoelectric Composites with Internal Structure and Inhomogeneous Polarization in ACELAN-COMPOS Finite Element Package},
	bookTitle={Wave Dynamics, Mechanics and Physics of Microstructured Metamaterials: Theoretical and Experimental Methods},
	editor={Sumbatyan, Mezhlum A.},
	pages={113-131},
	publisher={Springer International Publishing},
	year={2019},
	doi={10.1007/978-3-030-17470-5\_8},
	language = {english}
}%
@article{Castillero2001,
	author = {Castillero, J. B. and	Guinovart-Diaz, R. and	Rodriguez-Ramos, R.},
	title = {Closed-form expressions for the effective coefficients of a fiber-reinforced composite with transversely isotropic constituents – II. Piezoelectric and square symmetry},
	journal = {Mechanics of Materials},
	volume = {33},
	number = {4},
	pages = {237–248},
	year = {2001},
	doi = {10.1016/S0167-6636(00)00060-0},
	language = {english}
}%
@article{Castillero1997,
	author = {Castillero, J. B. and	Diaz, R.G. and	Hernandez J.A.O. and Ramos R.R.	},
	title = {Electromechanical properties of continuous fibre-reinforced piezoelectric composites},
	journal = {Mechanics of Composite Materials},
	volume = {33},
	number = {5},
	pages = {475–482},
	year = {1997},
	doi = {10.1007/BF02256903},
	language = {english}
}%
%b:11
@article{Kurbatova2017,
	author = {Kurbatova, N. V. and Nadolin, D. K. and Nasedkin, A. V. and Oganesyan, P. A. and Soloviev, A. N.},
	title = {Finite element approach for composite magneto-piezoelectric materials modelling in ACELAN-COMPOS Package},
	journal = {Advanced Structured Materials},
	pages = {69–88},
	year = {2017},
	doi = {10.1007/978-981-10-6895-9\_5},
	language = {english}
}%


%b:10
@article{Rybyanets2011,
	author = {Rybyanets, A. N.},
	title = {Porous piezoceramics: theory, technology, and properties},
	journal = {IEEE Transactions on Ultrasonics, Ferroelectrics and Frequency Control},
	volume = {58},
	number = {7},
	pages = {1492–1507},
	year = {2011},
	doi = {10.1109/tuffc.2011.1968},
	language = {english}
}
@article{Rybyanets2015,
	author = {Rybyanets, A.N. and Naumenko, A.A. and Lugovaya, M.A. and Shvetsova, N.A.},
	title = { Electric power generations from PZT composite and porous ceramics for energy harvesting devices},
	journal = {Ferroelectrics},
	volume = {484},
	number = {},
	pages = {95-100},
	year = {2015},
	doi = {10.1080/00150193.2015.1060065},
	language = {english}
}
@article{Rybyanets2013,
	author = {Rybyanets, A.N. and Zaharov, Y.N. and Raevskii, I.P. and Akopjan, V.A. and Rozhkov, E.V. and Parinov, I.A.},
	title = {Development of new piezoelectric materials and transducer designs for energy harvesting devices},
	journal = {Physics and Mechanics of New Materials and Their Applications},
	volume = {},
	number = {},
	pages = {275–308},
	year = {2013},
	doi = {},
	language = {english}
}

%%%%%%%%%%%%%%%%%%%%%%%%%%%%%%%%%%%%%%%%%%%%%%%%%%%%%%%%%%%%%%%%%%%%%%%%%%%%%%%%%%%%%%%%%%%%%%%%
% Оптимизация
@article{He2025,
author = {He, Li and Jianhu, Shen and Xuyu, Zhang and Shiwei, Zhou},
title = {A fourth-order reaction diffusion-based level set method for isogeometric topology optimization},
journal = {Computer Methods in Applied Mechanics and Engineering},
volume = {442},
pages = {118028},
year = {2025},
doi = {10.1109/tuffc.2011.1968},
language = {english}
}	
@book{Suresh2020,
author = {Suresh, Shyam},
title = {Topology Optimization for Additive Manufacturing Involving High-Cycle Fatigue},
year = {2020},
month = {05},
doi = {10.3384/lic.diva-165503},
language = {english}
}


% ESO
%x:2016
@ARTICLE{Xia2016,          
	author = {Xia, L. and Xia, Q. and Huang, X. and Xie, Y. M.},
	title = {Bi-directional Evolutionary Structural Optimization on Advanced Structures and Materials: A Comprehensive Review},
	journal = {Archives of Computational Methods in Engineering},
	volume = {25},
	year = {2014},
	number = {2},
	pages = {437–478},
	doi = {10.1007/s11831-016-9203-2}, 
	language = {english}
}%
%o:2014
@ARTICLE{Shevtsov2014,          
	author = {Шевцов, С. Н. and Оганесян, П. А.},
	title = {Оптимизация топологии конструкций в пакете ABAQUS},
	journal = {Известия Самарского научного центра РАН},
	volume = {6},
	year = {2016},
	number = {2},
	pages = {543-549},
	language = {russia}
}%
%b:2003
@BOOK{Bendsoe2003,
	author = {Bendsoe, M. P. and Sigmund, O.},
	editor = {Бочарова, В. М.},
	title = {Topology Optimization Theory, Methods and Applications},
	year = {2003},
	pages = {370},
	doi = {10.1007/978-3-662-05086-6},
	language = {english}
}%
%q:1998
@article{Querin1998,
	author = {Querin, O. M. and Steven, G. P. and Xie, Y. M.},
	title = {Evolutionary structural optimisation~(ESO) using a bidirectional algorithm},
	journal = {Engineering Computations},
	volume = {15},
	number = {8},
	pages = {1031–1048},
	year = {1998},
	doi = {10.1108/02644409810244129},
	language = {english}
}%
%y:1999
@article{Yang1999,
	author = {Yang, X. Y. and Xie, Y. M. and Steven, G. P. and Querin, O. M.},
	title = {Topology optimization for frequencies using an evolutionary method},
	journal = {Journal of Structural Engineering},
	volume = {125},
	number = {12},
	pages = {1432–1438},
	year = {1999},
	doi = {10.1061/(asce)0733-9445(1999)125:12(1432)},
	language = {english}
}%
%g:2015
@article{Ghabraie2015,
	author = {Ghabraie, K.},
	title = {An improved soft-kill BESO algorithm for optimal distribution of single or multiple material phases},
	journal = {Structural and Multidisciplinary Optimization},
	volume = {52},
	number = {4},
	pages = {773–790},
	year = {2015},
	doi = {10.1007/s00158-015-1268-2},
	language = {english}
}%
%x:1993
@article{Xie1993,
	author = {Xie, Y. M. and Steven, G. P.},
	title = {A simple evolutionary procedure for structural optimization},
	journal = {Computers and Structures},
	volume = {49},
	number = {5},
	pages = {885–896},
	year = {1993},
	doi = {10.1016/0045-7949(93)90035-c},
	language = {english}
}%
%q:2000
@article{Querin2000,
	author = {Querin, O. M. and Steven, G. P. and Xie, Y. M.},
	title = {Evolutionary structural optimisation using an additive algorithm},
	journal = {Finite Elements in Analysis and Design},
	volume = {34},
	number = {3},
	pages = {291–308},
	year = {2000},
	doi = {10.1016/s0168-874x(99)00044-x},
	language = {english}
}%
%x:1997
@BOOK{Xie1997,
	author = {Xie, Y. M. and Steven, G. P.},
	title = {Evolutionary Structural Optimization},
	address = {М.},
	publisher = {Springer-Verlag},
	year = {1997},
	language = {english}
}%



@article{Guirguis2019,
	author = {Guirguis, D. and Coello, C. A. C. and Saitou, K. and Aulig, N. and Picelli, R. and Zhu, B. and Matusik, W.},
	title = {Evolutionary Black-box Topology Optimization: Challenges and Promises},
	journal = {IEEE Transactions on Evolutionary Computation},
	volume = {1},
	number = {1},
	year = {2019},
	doi = {10.1109/tevc.2019.2954411},
	language = {english}
}
@article{Guirguis2019,
	author = {Guirguis, D. and Coello, C. A. C. and Saitou, K. and Aulig, N. and Picelli, R. and Zhu, B. and Matusik, W.},
	title = {Evolutionary Black-box Topology Optimization: Challenges and Promises},
	journal = {IEEE Transactions on Evolutionary Computation},
	volume = {1},
	number = {1},
	year = {2019},
	doi = {10.1109/tevc.2019.2954411},
	language = {english}
}
@article{Huang2006,
	author = HUANG, X. and XIE, Y. M. and BURRY, M. C.},
	title = {A New Algorithm for Bi-Directional Evolutionary Structural Optimization},
	journal = {JSME International Journal Series C},
	volume = {49},
	number = {4},
	year = {2006},
	pages = {1091–1099},
	doi = {10.1299/jsmec.49.1091},
	language = {english}
}







% SIMP
%b:1989
@article{Bendsoe1989,
	author = {Bendsoe, M. P.},
	title = {Optimal Shape Design as a Material Distribution Problem},
	journal = {Structural Optimization}		
	year = {1989},
	pages = {193-202},
	volume = {1},
	number = {4},
	doi = {10.1007/BF01650949}
	language = {english}
}%
%s:1997
@article{Sigmund1997,
	author = {Sigmund, O. and Torquato, S.},
	title = {Design of materials with extreme thermal expansion using a three-phase topology optimization method},
	journal = {Journal of the Mechanics and Physics of Solids},
	volume = {45},
	number = {6},
	pages = {1037-1067},
	year = {1997},
	doi = {10.1117/12.267131},
	language = {english}
}%
%s:2013
@article{Sigmund2013,
	author = {Sigmund, O., and Maute, K.}
	title = {Topology optimization approaches},
	journal = {Structural and Multidisciplinary Optimization},
	volume = {48},
	number = {6},
	pages = {1031–1055},
	year = {2013},
	doi = {10.1007/s00158-013-0978-6},
	language = {english}
}%
%s:2005
@article{Stegmann2005,
	author = {Stegmann, J. and Lund, E.},
	title = {Discrete material optimization of general composite shell structures},
	journal = {International Journal for Numerical Methods in Engineering},
	volume = {62},
	number = {14},
	pages = {2009–2027},
	year = {2005},
	doi = {10.1002/nme.1259},
	language = {english}
}%
%l:2006
@article{Lund2006,
	author = {Lund, E. and Stegmann, J.},
	title = {Eigenfrequency and Buckling Optimization of Laminated Composite Shell Structures Using Discrete Material Optimization},
	journal = { IUTAM Symposium on Topological Design Optimization of Structures, Machines and Materials},
	volume = {137},
	number = {},
	pages = {147–156},
	year = {2006},
	doi = {10.1007/1-4020-4752-5\_15},
	language = {english}
}%


%s:2024
@article{Homayouni-Amlash2024,
	author = {Homayouni-Amlashi A. and Sigmund O. and Schlinquer T. and Rakotondrabe M. and Mohand-Ousaid A.},
	title = {Matlab codes for 3D topology optimization of multi-material piezoelectric actuators and energy harvesters},
	journal = {Structural and Multidisciplinary Optimization},
	volume = {67},
	number = {165},
	year = {2024},
	doi = {10.1109/tevc.2019.2954411},
	language = {english}
}
@article{Bendsoe1988,
	title={Generating optimal topologies in structural design using a homogenization method},
	author={Bendsoe, M. P. and Kikuchi N.},
	journal={Applied Mechanics and Engineering},
	year={1988},
	volume={71},
	pages={197-224}
	doi = {10.1016/0045-7825(88)90086-2} 
	language = {english}
}





%%%%%%%%%%%%%%%%%%%%%%%%%%%%%%%%%%%%%%%%%%%%%%%%%%%%%%%%%%%%%%%%%%%%%%%%%%%%%%%%%%%%%%%%%%%%%%%%%
%Структурная оптимизация
@article{Silva1997,
	author = {Silva, E. C. N. and Fonseca, J. S. O. and Kikuchi, N.},
	title = {Optimal design of piezoelectric microstructures},
	journal = {Computational Mechanics},
	volume = {19},
	number = {5},
	pages = {397–410},
	year = {1997},
	doi = {10.1007/s004660050188},
	language = {english}
}
@article{Sigmund1998,
	author = {Silva, E. C. N. and Fonseca, J. S. O. and Kikuchi, N.},
	title = {On the design of 1–3 piezocomposites using topology optimization},
	journal = {Journal of Materials Research},
	volume = {13},
	number = {4},
	pages = {1038–1048},
	year = {1998},
	doi = {10.1557/jmr.1998.0145},
	language = {english}
}

%%%%%%%%%%%%%%%%%%%%%%%%%%%%%%%%%%%%%%%%%%%%%%%%%%%%%%%%%%%%%%%%%%%%%%%%%%%%%%%%%%%%%%%%%%%%%%%%
%Регулярные структуры
@article{Cui2019,
	author = {Cui, H. and Hensleigh, R. and Yao, D. and Maurya, D. and Kumar, P. and Kang, M. G. and Zheng, X.},
	title = {Three-dimensional printing of piezoelectric materials with designed anisotropy and directional response},
	journal = {Nature Materials},
	volume = {18},
	pages = {234–241},
	year = {2000},
	doi = {10.1038/s41563-018-0268-1},
	language = {english}
}

%%%%%%%%%%%%%%%%%%%%%%%%%%%%%%%%%%%%%%%%%%%%%%%%%%%%%%%%%%%%%%%%%%%%%%%%%%%%%%%%%%%%%%%%%%%%%%%%%
% Генетические алгоритмы

%%%%%%%%%%%%%%%%%%%%%%%%%%%%%%%%%%%%%%%%%%%%%%%%%%%%%%%%%%%%%%%%%%%%%%%%%%%%%%%%%%%%%%%%%%%%%%%%%
% Нейронные сети
@article{Woldseth2022,
	author = {Woldseth, R.V. and Aage, N. and Bærentzen, J.A. and Sigmund, O.},
	title = {On the use of artificial neural networks in topology optimisation},
	journal = {Structural and Multidisciplinary Optimization},
	volume = {65},
	number = {294},
	year = {2022},
	doi = {10.1007/s00158-022-03347-1},
	language = {english}
}



%%%%%%%%%%%%%%%%%%%%%%%%%%%%%%%%%%%%%%%%%%%%%%%%%%%%%%%%%%%%%%%%%%%%%%%%%%%%%%%%%%%%%%%%%%%%%%%%%
% ACELAN
%b:7
@article{Belokon2002,
	author = {Belokon, A. V. and Nasedkin, A. V. and Solov’ev, A. N.},
	title = {New schemes for the finite-element dynamic analysis of piezoelectric devices},
	year = {2002},
	pages = {481-490},
	volume = {66},
	journal = {Journal of Applied Mathematics and Mechanics},
	doi = {10.1016/S0021-8928(02)00058-8}
	language = {english}
}
%b:8
@article{Kudimova2018,
	author = {Kudimova~A. B., Nadolin~D. K., Nasedkin~A. V., Oganesyan~P. A., Soloviev~A. N.},
	title = {Finite element homogenization models of bulk mixed piezocomposites with granular elastic inclusions in ACELAN package},
	journal = {Engineering, Materials Science},
	volume = {37},
	pages = {25–33},
	year = {2018},
	doi = {10.18720/MPM.3712018\_4},
	language = {english}
}

%%%%%%%%%%%%%%%%%%%%%%%%%%%%%%%%%%%%%%%%%%%%%%%%%%%%%%%%%%%%%%%%%%%%%%%%%%%%%%%%%%%%%%%%%%%%%%%%%
%%%%%%%%%%%%%%%%%%%%%%%%%%%%%%%%%%%%%%%%%%%%%%%%%%%%%%%%%%%%%%%%%%%%%%%%%%%%%%%%%%%%%%%%%%%%%%%%%




@INBOOK{Inbook,
	author       = {Peter Eston},
	title        = {The title of the work},
	booktitle    = {Book title},
	chapter      = {8},
	pages        = {201-213},
	publisher    = {The name of the publisher},
	year         = {1993},
	volume       = {4},
	series       = {5},
	address      = {The address of the publisher},
	edition      = {3},
	month        = {7},
	note         = {An optional note},
	language     = {english}
}
@article{Do,
	author = {},
	title = {},
	journal = {},
	volume = {},
	number = {},
	pages = {},
	year = {},
	doi = {},
	language = {english}
}

%%%%%%%%%%%%%%%%%%%%%%%%%%%%%%%%%%%%%%%%%%%%%%%%%%%%%%

% ГОСТ Р 7.0.11-2011, Приложение Б, Книги
@BOOK{Sychev,
  author = {Сычёв, М. С.},
  title = {История Астраханского казачьего войска : учебное пособие},
  address = {Астрахань},
  publisher = {Волга},
  year = {2009},
  numpages = {231},
  language = {russian}
}

@BOOK{Sokolov,

@INCOLLECTION{Incollection,
  author       = {Peter Farindon},
  title        = {The title of the work},
  booktitle    = {The title of the book},
  publisher    = {The name of the publisher},
  year         = {1993},
  editor       = {The editor},
  volume       = {4},
  series       = {5},
  chapter      = {8},
  pages        = {201-213},
  address      = {The address of the publisher},
  edition      = {3},
  month        = {7},
  note         = {An optional note},
  language     = {english}
}

@MANUAL{Manual,
  title        = {The title of the work},
  author       = {Peter Gainsford},
  organization = {The organization},
  address      = {The address of the publisher},
  edition      = {3},
  month        = {7},
  year         = {1993},
  note         = {An optional note},
  language     = {english}
}

@MASTERSTHESIS{Mastersthesis,
  author       = {Peter Harwood},
  title        = {The title of the work},
  school       = {The school where the thesis was written},
  year         = {1993},
  address      = {The address of the publisher},
  month        = {7},
  note         = {An optional note},
  language     = {english}
}

@MISC{Misc,
  author       = {Peter Isley},
  title        = {The title of the work},
  howpublished = {How it was published},
  month        = {7},
  year         = {1993},
  note         = {An optional note},
  language     = {english}
}

@PHDTHESIS{Phdthesis,
  author       = {Peter Joslin},
  title        = {The title of the work},
  school       = {The school where the thesis was written},
  year         = {1993},
  address      = {The address of the publisher},
  month        = {7},
  note         = {An optional note},
  language     = {english}
}

@PROCEEDINGS{Proceedings,
  title        = {The title of the work},
  year         = {1993},
  editor       = {Peter Kidwelly},
  volume       = {4},
  series       = {5},
  address      = {The address of the publisher},
  month        = {7},
  organization = {The organization},
  publisher    = {The name of the publisher},
  note         = {An optional note},
  language     = {english}
}

@UNPUBLISHED{Unpublished,
  author       = {Peter Marcheford},
  title        = {The title of the work},
  note         = {An optional note},
  month        = {7},
  year         = {1993},
  language     = {english}
}

%%% Реальные примеры

% Инициалы должны быть записаны после запятой, с точками, через пробел
% http://www.kit-e.ru/articles/elcomp/2006_12_124.php
% Подчёркивания в ссылке приходится экранировать
% http://www.kit-e.ru/articles/elcomp/2006\_12\_124.php
@online{medvedev2006jelektronnye,
  title={Электронные компоненты и монтажные подложки},
  author={Медведев, А. М.},
  journal={Компоненты и технологии},
  number={12},
  pages={124--134},
  year={2006},
  medium={Электронный ресурс},
  url = {http://www.kit-e.ru/articles/elcomp/2006\_12\_124.php},
  urldate = {19.01.2015},
  language = {russian}
}

% Real example
% & в названии журнала надо экранировать
% 10.1002/1521-4125(200007)23:7<581::AID-CEAT581>3.0.CO;2-P
% < > в ссылке приходится экранировать %3C и %3E, а потом ещё знаки процента в них экранировать
% 10.1002/1521-4125(200007)23:7%3C581::AID-CEAT581%3E3.0.CO;2-P
% 10.1002/1521-4125(200007)23:7\%3C581::AID-CEAT581\%3E3.0.CO;2-P
% url не нужен. если запись о бумажной публикации
@article {CEAT:CEAT581,
  author = {Deiters, U. K.},
  title = {A Modular Program System for the Calculation of Thermodynamic Properties of Fluids},
  journal = {Chemical Engineering \& Technology},
  volume = {23},
  number = {7},
  publisher = {WILEY-VCH Verlag},
  issn = {1521-4125},
  doi = {10.1002/1521-4125(200007)23:7<581::AID-CEAT581>3.0.CO;2-P},
  pages = {581--584},
  year = {2000},
  language = {english}
}

% Real with  4 authors
@article{doi:10.1080/01932691.2010.513279,
  author = {Young-Sang Cho and Young Kuk Kim and Kook Chae Chung and Chul Jin Choi },
  title = {Deformation of Colloidal Crystals for Photonic Band Gap Tuning},
  journal = {Journal of Dispersion Science and Technology},
  volume = {32},
  series = {3}
  number = {10},
  pages = {1408-1415},
  year = {2011},
  doi = {10.1080/01932691.2010.513279},
  language = {english}
}

% doi with (), author with umlaut or other unicode or specific symbols, 9 authors
% latex don't like Gösele1999161 in ref
% Умляуты в авторах понимаются из-за поддержки в юникодной странице pdflatex и xelatex
% Иллюстрация того, что будет. если на английской записи будут поставлена пометка, что язык русский
@article{Gosele1999161,
  title = "Wafer bonding for microsystems technologies",
  journal = "Sensors and Actuators A: Physical",
  volume = "74",
  number = "1–3",
  pages = "161 - 168",
  year = "1999",
  issn = "0924-4247",
  doi = "10.1016/S0924-4247(98)00310-0",
  author = "Gösele, U. and Tong, Q.-Y. and Schumacher, A. and Kräuter, G. and Reiche, M. and Plößl, A. and Kopperschmidt, P. and Lee, T.-H. and Kim, W.-J.",
  keywords = "Wafer bonding",
  keywords = "Fusion bonding",
  keywords = "Pressure sensors",
  keywords = "Interface reactions",
  keywords = "Hydrophilic bonding",
  keywords = "Hydrophobic bonding",
  language = {russian}
}

% Real example (from Google or Springer)
% unmodified styles don't know %language = {English}
% язык писать с маленьких
% иллюстрация incollection
% 10.1007/0-387-32989-7_45
% Подчёркивания в DOI приходится экранировать
% 10.1007/0-387-32989-7\_45
@incollection{Li2007StressAnalysis,
  year={2007},
  isbn={978-0-387-27974-9},
  booktitle={Micro- and Opto-Electronic Materials and Structures: Physics, Mechanics, Design, Reliability, Packaging},
  editor={Suhir, E. and Lee, Y. C. and Wong, C. P.},
  doi={10.1007/0-387-32989-7_45},
  title={Stress Analysis for Processed Silicon Wafers and Packaged Micro-devices},
  publisher={Springer US},
  author={Li, Li and Guo, Yifan and Zheng, Dawei},
  pages={B677-B709},
  language={english}
}

% Real, β sign
% inputenc don't know β sign %aluminosilicate-β-quartz
% Знаки типа β, которые не знает таблица кодировки, с которой работает компилятор нужно заменять на latex команды
% doi должен быть без http://dx.doi.org/
@article{Shoji199895,
title = "Low-temperature anodic bonding using lithium aluminosilicate-\(\beta\)-quartz glass ceramic",
journal = "Sensors and Actuators A: Physical",
volume = "64",
number = "1",
pages = "95 - 100",
year = "1998",
note = "Tenth {IEEE} International Workshop on Micro Electro Mechanical Systems ",
issn = "0924-4247",
doi = "10.1016/S0924-4247(97)01659-2",
author = {Shuichi Shoji and Hiroto Kikuchi and Hirotaka Torigoe},
keywords = "Anodic bonding",
keywords = "Low-temperature bonding",
keywords = "Micro assembly",
keywords = "Micro package",
keywords = "Glass ceramic",
}


% from urlbst package
% Example from Jason Eisner, by mail (nothing special about the entry,
% but he seemed to be having formatting problems with unsrturl and proceedings
% entries.
% http://cs.jhu.edu/~jason/papers/#icassp07
@InProceedings{test:eisner-sample,
  author =       {Damianos Karakos and Sanjeev Khudanpur and Jason
                  Eisner and Carey~E. Priebe},
  title =        {Iterative denoising using {J}ensen-{R}enyi
                  divergences with an application to unsupervised
                  document categorization},
  booktitle =    {Proceedings of ICASSP},
  year =         2007,
  url =          {http://cs.jhu.edu/~jason/papers/\#icassp07}
}

@InProceedings{test:eisner-sample-shorted,
  author =       {Damianos Karakos and Sanjeev Khudanpur and Jason
                  Eisner and Carey~E. Priebe},
  title =        {Iterative denoising using {J}ensen-{R}enyi
                  divergences with an application to unsupervised
                  document categorization},
  booktitle =    {Proceedings of ICASSP},
  shortbooktitle = {Proc. of ICASSP},
  year =         2007,
  url =          {http://cs.jhu.edu/~jason/papers/\#icassp07}
}

% Попытка записать патент имеющимися средствами
@Book{iofis_patent1960,
  title                    = {Способ пайки керамики с~керамикой и~стекла с~металлом : а.\,с.~126728 СССР},
  author                   = {Иофис, Н. А.},
  year                     = {1960},
  numpages                 = {Бюл. № 5.~1},
  language                 = {russian}
}

% Попытка записать патент имеющимися средствами
@Book{AB_patent_Pomerantz_1968,
  title                    = {Anodic bonding : patent no. 3397278 US},
  author                   = {Pomerantz, D. I.},
  year                     = {1968},
  language                 = {english}
}

% !!! этот пример НЕ работает с bibtex
% Примеры оформления патентов из пакета https://www.ctan.org/pkg/biblatex-gost
@Patent{patent2h,
  heading =      {Заявка 1095735 Рос. федерация, МПК\ensuremath{^7} B 64 G 1/00},
  author =       {Тернер, Э. В.},
  authortype =   {США},
  title =        {Одноразовая ракета-носитель},
  media =        {text},
  holder =       {{заявитель Спейс Системз/Лорал, инк.}},
  credits =      {патент. поверенный Егорова Г. Б.},
  reqnumber =    {2000108705/28},
  date =         {2000-04-07},
  publdate =     {2001-03-10},
  publication =  {Бюл. № 7 (I ч.)\midsentence},
  prdate =       {1999-04-09},
  prnumber =     {09/289, 037},
  prcountry =    {countryus},
  pagetotal =    {5 с.~: ил.},
  language =     {russian},
}

@Patent{patent3h,
  heading =      {А. с. 1007970 СССР, МКИ\ensuremath{^3} В 25.1 15/00},
  author =       {В. С. Ваулин and В. Г. Кемайкин},
  authortype =   {СССР},
  title =        {Устройство для захвата неориентированных деталей типа валов},
  media =        {text},
  reqnumber =    {3360585/25-08},
  date =         {1981-11-23},
  publication =  {Бюл. № 12},
  publdate =     {1983-03-30},
  pagetotal =    {2 с.~: ил.},
  language =     {russian},
}

@Patent{patent2,
  author =       {Тернер, Э. В.},
  authortype =   {США},
  title =        {Одноразовая ракета-носитель},
  media =        {text},
  type =         {patreq},
  number =       1095735,
  location =     {countryru},
  ipc =          {МПК\ensuremath{^7} B 64 G 1/00},
  holder =       {{заявитель Спейс Системз/Лорал, инк.}},
  credits =      {патент. поверенный Егорова Г. Б.},
  reqnumber =    {2000108705/28},
  date =         {2000-04-07},
  publdate =     {2001-03-10},
  publication =  {Бюл. № 7 (I ч.)\midsentence},
  prioritydate = {1999-04-09},
  prioritynumber ={09/289, 037},
  prioritycountry ={countryus},
  pagetotal =    {5 с.~: ил.},
  language =     {russian},
}

%%% Использование дополнительных опций biblatex

@Book{sobenin_kdv,
  author =       {О. А. Вальднер and Н. П. Собенин and Б. В. Зверев and И. С. Щедрин},
  options =      {maxnames=4},
  title =        {Диафрагмированные волноводы},
  subtitle =     {Справочник},
  publisher =    {Энергоатомиздат},
  edition =      3,
  year =         1991,
  pagetotal =    280,
  location =     {М.},
  language =     {russian},
  isbn =         {5-283-03960-9},
}

@InProceedings{initials,
  author =       {Ya.Yu. Ivanov},
  title =        {Stabilization of the initials in the bibliography entries},
  booktitle =    {Proc. of {IPAC'10}},
  options =      {giveninits=false},
  pages =        {1234 -- 4321},
  language =     {english},
  venue =        {Kyoto, Japan},
  publisher =    {JACoW Publishing},
  location =     {Geneva},
  month =        5,
  year =         2010,
}
